<collection xmlns="http://www.loc.gov/MARC21/slim">
<record>
  <leader>00734nam0a22001691i 450 </leader>
  <controlfield tag="001">IT\ICCU\CNCE\062618</controlfield>
  <controlfield tag="005">20051129000000.0</controlfield>
  <datafield tag="100" ind1=" " ind2=" ">
    <subfield code="a">20051129d1589        0itac0103    ba</subfield>
  </datafield>
  <datafield tag="101" ind1=" " ind2=" ">
    <subfield code="a">ITA</subfield>
  </datafield>
  <datafield tag="102" ind1=" " ind2=" ">
    <subfield code="a">IT</subfield>
  </datafield>
  <datafield tag="200" ind1="1" ind2=" ">
    <subfield code="a">GliStatuti della sacra religione di S. Giovanni Gierosolimitano. Tradotti di latino in volgare / da Iacomo Bosio agente della medesima religione nella corte di Roma. Aggiuntoui li privilegii dell&apos;stessa religione</subfield>
  </datafield>
  <datafield tag="210" ind1=" " ind2=" ">
    <subfield code="a">Roma</subfield>
    <subfield code="c">Appresso Giacomo Tornieri</subfield>
    <subfield code="d">1589</subfield>
  </datafield>
  <datafield tag="215" ind1=" " ind2=" ">
    <subfield code="a">2v</subfield>
  </datafield>
  <datafield tag="300" ind1=" " ind2=" ">
    <subfield code="a">ANNULLATA  !!!!!   vedi  10490((Edit16 C2464; Adams J258</subfield>
  </datafield>
  <datafield tag="702" ind1=" " ind2="1">
    <subfield code="a">Bosio,</subfield>
    <subfield code="b">Giacomo</subfield>
    <subfield code="c"> &lt;cavaliere di Malta&gt;</subfield>
    <subfield code="3">IT\ICCU\CNCA\001938</subfield>
  </datafield>
  <datafield tag="801" ind1=" " ind2="3">
    <subfield code="a">IT</subfield>
    <subfield code="b">ICCU</subfield>
    <subfield code="c">20201115</subfield>
  </datafield>
  <datafield tag="899" ind1=" " ind2=" ">
    <subfield code="a">Biblioteca comunale Paroniana. Rieti</subfield>
    <subfield code="1">RI0126</subfield>
    <subfield code="2">RMS B5</subfield>
  </datafield>
</record>
</collection>
